@preamble{ "\newcommand{\noopsort}[1]{} "
	# "\newcommand{\printfirst}[2]{#1} "
	# "\newcommand{\singleletter}[1]{#1} "
	# "\newcommand{\switchargs}[2]{#2#1} " }

@article{clanok,
    title = 	{Názov článku z časopisu},
    author =	{X. Autor1 and Y. Autor2},
    journal = {Názov časopisu, ktorý článok uverejnil},
    volume = {4},
    number = {3},
    year = {1900},
    pages = {1-100},
}

@Book{kniha,
    author ={X. Autor1 and Y. Autor2},
    title =        {Názov knihy},
    publisher =    {Vydavateľstvo},
    year =         {1900},
}


@techreport{technical_report,
    author =	{X. Autor1 and Y. Autor2},
    title= {Názov technickej správy},
    year={June 1999},
    institution = {Inštitút vydávajúci správu},
    number = {TR123/1999}
}

@inproceedings{clanok_na_konferencii,
    author =	{X. Autor1 and Y. Autor2},
    title = {Názov článku (väčšinou z konferencie)},
    booktitle = {Názov zborníka (väčšinou názov konferencie spolu s ročníkom)},
    year = {1900},
    pages = {1-100},
    publisher = {Vydavateľstvo},
}    
    
@misc{smernica,
 title={Vnútorný predpis č. 7/2018, {Ú}plné znenie vnútorného predpisu
 č. 12/2013 {S}mernice rektora {U}niverzity {K}omenského v
 {B}ratislave o základných náležitostiach záverečných
 prác, rigoróznych prác a habilitačných prác, kontrole
 ich originality, uchovávaní a sprístupňovaní na
 {U}niverzite {K}omenského v {B}ratislave v znení dodatku
 č. 1 a dodatku č. 2 Smernica rektora {U}niverzity
 {K}omenského v {B}ratislave o základných
 náležitostiach záverečných prác, rigoróznych prác a
 habilitačných prác, kontrole ich originality,
 uchovávaní a sprístupňovaní na {U}niverzite
 {K}omenského v {B}ratislave},
 author={{Univerzita Komenského v Bratislave}},
 year={2013},
 note={[Citované 2020-10-19] Dostupné z \url{https://uniba.sk/fileadmin/ruk/legislativa/2018/Vp_2018_07.pdf}},
}

@Book{Oetiker2000,
  author = 	 {Tobias Oetiker and Hubert Partl and Irene Hyna and Elisabeth Schlegl},
  title = 	 {Nie príliš stručný úvod do systému {LaTeX2e}},
  year = 	 {2002},
  note = {Preklad Ján Buša ml. a st}
}

@article{10.1093/bioinformatics/btz258,
    author = {Ecale Zhou, Carol L and Malfatti, Stephanie and Kimbrel, Jeffrey and Philipson, Casandra and McNair, Katelyn and Hamilton, Theron and Edwards, Robert and Souza, Brian},
    title = "{multiPhATE: bioinformatics pipeline for functional annotation of phage isolates}",
    journal = {Bioinformatics},
    volume = {35},
    number = {21},
    pages = {4402-4404},
    year = {2019},
    month = {05},
    abstract = "{To address the need for improved phage annotation tools that scale, we created an automated throughput annotation pipeline: multiple-genome Phage Annotation Toolkit and Evaluator (multiPhATE). multiPhATE is a throughput pipeline driver that invokes an annotation pipeline (PhATE) across a user-specified set of phage genomes. This tool incorporates a de novo phage gene calling algorithm and assigns putative functions to gene calls using protein-, virus- and phage-centric databases. multiPhATE’s modular construction allows the user to implement all or any portion of the analyses by acquiring local instances of the desired databases and specifying the desired analyses in a configuration file. We demonstrate multiPhATE by annotating two newly sequenced Yersinia pestis phage genomes. Within multiPhATE, the PhATE processing pipeline can be readily implemented across multiple processors, making it adaptable for throughput sequencing projects. Software documentation assists the user in configuring the system.multiPhATE was implemented in Python 3.7, and runs as a command-line code under Linux or Unix. multiPhATE is freely available under an open-source BSD3 license from https://github.com/carolzhou/multiPhATE. Instructions for acquiring the databases and third-party codes used by multiPhATE are included in the distribution README file. Users may report bugs by submitting to the github issues page associated with the multiPhATE distribution.Supplementary data are available at Bioinformatics online.}",
    issn = {1367-4803},
    doi = {10.1093/bioinformatics/btz258},
    url = {https://doi.org/10.1093/bioinformatics/btz258},
    eprint = {https://academic.oup.com/bioinformatics/article-pdf/35/21/4402/30330706/btz258.pdf},
}

@article{10.1093/bioinformatics/btz265,
    author = {McNair, Katelyn and Zhou, Carol and Dinsdale, Elizabeth A and Souza, Brian and Edwards, Robert A},
    title = "{PHANOTATE: a novel approach to gene identification in phage genomes}",
    journal = {Bioinformatics},
    volume = {35},
    number = {22},
    pages = {4537-4542},
    year = {2019},
    month = {04},
    abstract = "{Currently there are no tools specifically designed for annotating genes in phages. Several tools are available that have been adapted to run on phage genomes, but due to their underlying design, they are unable to capture the full complexity of phage genomes. Phages have adapted their genomes to be extremely compact, having adjacent genes that overlap and genes completely inside of other longer genes. This non-delineated genome structure makes it difficult for gene prediction using the currently available gene annotators. Here we present PHANOTATE, a novel method for gene calling specifically designed for phage genomes. Although the compact nature of genes in phages is a problem for current gene annotators, we exploit this property by treating a phage genome as a network of paths: where open reading frames are favorable, and overlaps and gaps are less favorable, but still possible. We represent this network of connections as a weighted graph, and use dynamic programing to find the optimal path.We compare PHANOTATE to other gene callers by annotating a set of 2133 complete phage genomes from GenBank, using PHANOTATE and the three most popular gene callers. We found that the four programs agree on 82\% of the total predicted genes, with PHANOTATE predicting more genes than the other three. We searched for these extra genes in both GenBank’s non-redundant protein database and all of the metagenomes in the sequence read archive, and found that they are present at levels that suggest that these are functional protein-coding genes.https://github.com/deprekate/PHANOTATESupplementary data are available at Bioinformatics online.}",
    issn = {1367-4803},
    doi = {10.1093/bioinformatics/btz265},
    url = {https://doi.org/10.1093/bioinformatics/btz265},
    eprint = {https://academic.oup.com/bioinformatics/article-pdf/35/22/4537/30706881/btz265.pdf},
}

@book{guilfoile2007antibiotic,
  title={Antibiotic-resistant bacteria},
  author={Guilfoile, Patrick and Alcamo, I Edward},
  year={2007},
  publisher={Infobase Publishing}
}

@article{zhang2019facing,
  title={Facing a new challenge: the adverse effects of antibiotics on gut microbiota and host immunity},
  author={Zhang, Sheng and Chen, De-Chang},
  journal={Chinese medical journal},
  volume={132},
  number={10},
  pages={1135},
  year={2019},
  publisher={Wolters Kluwer Health}
}

@article{schmelcher2012bacteriophage,
  title={Bacteriophage endolysins as novel antimicrobials},
  author={Schmelcher, Mathias and Donovan, David M and Loessner, Martin J},
  journal={Future microbiology},
  volume={7},
  number={10},
  pages={1147--1171},
  year={2012},
  publisher={Future Medicine}
}

@article{lin2017phage,
  title={Phage therapy: An alternative to antibiotics in the age of multi-drug resistance},
  author={Lin, Derek M and Koskella, Britt and Lin, Henry C},
  journal={World journal of gastrointestinal pharmacology and therapeutics},
  volume={8},
  number={3},
  pages={162},
  year={2017},
  publisher={Baishideng Publishing Group Inc}
}

@article{guttman2005basic,
  title={Basic phage biology},
  author={Guttman, Burton and Raya, Raul and Kutter, Elizabeth},
  journal={Bacteriophages: Biology and applications},
  volume={4},
  year={2005},
  publisher={Crc Press Boca Raton, FL}
}